%YAML 1.1
%TAG !u! tag:unity3d.com,2011:
--- !u!95 &5540573410005661555
Animator:
  serializedVersion: 3
  m_ObjectHideFlags: 0
  m_CorrespondingSourceObject: {fileID: 0}
  m_PrefabInstance: {fileID: 0}
  m_PrefabAsset: {fileID: 0}
  m_GameObject: {fileID: 3446020736866824519}
  m_Enabled: 1
  m_Avatar: {fileID: 0}
  m_Controller: {fileID: 9100000, guid: 5356109f31e0a9945a2c48b79e857bee, type: 2}
  m_CullingMode: 0
  m_UpdateMode: 0
  m_ApplyRootMotion: 0
  m_LinearVelocityBlending: 0
  m_WarningMessage: 
  m_HasTransformHierarchy: 1
  m_AllowConstantClipSamplingOptimization: 1
  m_KeepAnimatorControllerStateOnDisable: 0
--- !u!1 &9102561797435436159
GameObject:
  m_ObjectHideFlags: 0
  m_CorrespondingSourceObject: {fileID: 0}
  m_PrefabInstance: {fileID: 0}
  m_PrefabAsset: {fileID: 0}
  serializedVersion: 6
  m_Component:
  - component: {fileID: 9102561797435436154}
  - component: {fileID: 9102561797435436155}
  - component: {fileID: 9102561797435436152}
  - component: {fileID: 9102561797435436153}
  - component: {fileID: 9102561797435436149}
  - component: {fileID: 9102561797435436158}
  m_Layer: 0
  m_Name: Weapon Boomerang 1
  m_TagString: Untagged
  m_Icon: {fileID: 0}
  m_NavMeshLayer: 0
  m_StaticEditorFlags: 0
  m_IsActive: 1
--- !u!4 &9102561797435436154
Transform:
  m_ObjectHideFlags: 0
  m_CorrespondingSourceObject: {fileID: 0}
  m_PrefabInstance: {fileID: 0}
  m_PrefabAsset: {fileID: 0}
  m_GameObject: {fileID: 9102561797435436159}
  m_LocalRotation: {x: 0, y: 0, z: 0, w: 1}
  m_LocalPosition: {x: 80, y: 40, z: 32.76}
  m_LocalScale: {x: 1, y: 1, z: 1}
  m_Children:
  - {fileID: 2637254740389653501}
  m_Father: {fileID: 0}
  m_RootOrder: 0
  m_LocalEulerAnglesHint: {x: 0, y: 0, z: 0}
--- !u!33 &9102561797435436155
MeshFilter:
  m_ObjectHideFlags: 0
  m_CorrespondingSourceObject: {fileID: 0}
  m_PrefabInstance: {fileID: 0}
  m_PrefabAsset: {fileID: 0}
  m_GameObject: {fileID: 9102561797435436159}
  m_Mesh: {fileID: 10202, guid: 0000000000000000e000000000000000, type: 0}
--- !u!23 &9102561797435436152
MeshRenderer:
  m_ObjectHideFlags: 0
  m_CorrespondingSourceObject: {fileID: 0}
  m_PrefabInstance: {fileID: 0}
  m_PrefabAsset: {fileID: 0}
  m_GameObject: {fileID: 9102561797435436159}
  m_Enabled: 0
  m_CastShadows: 1
  m_ReceiveShadows: 1
  m_DynamicOccludee: 1
  m_MotionVectors: 1
  m_LightProbeUsage: 1
  m_ReflectionProbeUsage: 1
  m_RayTracingMode: 2
  m_RayTraceProcedural: 0
  m_RenderingLayerMask: 1
  m_RendererPriority: 0
  m_Materials:
  - {fileID: 2100000, guid: 31321ba15b8f8eb4c954353edc038b1d, type: 2}
  m_StaticBatchInfo:
    firstSubMesh: 0
    subMeshCount: 0
  m_StaticBatchRoot: {fileID: 0}
  m_ProbeAnchor: {fileID: 0}
  m_LightProbeVolumeOverride: {fileID: 0}
  m_ScaleInLightmap: 1
  m_ReceiveGI: 1
  m_PreserveUVs: 0
  m_IgnoreNormalsForChartDetection: 0
  m_ImportantGI: 0
  m_StitchLightmapSeams: 1
  m_SelectedEditorRenderState: 3
  m_MinimumChartSize: 4
  m_AutoUVMaxDistance: 0.5
  m_AutoUVMaxAngle: 89
  m_LightmapParameters: {fileID: 0}
  m_SortingLayerID: 0
  m_SortingLayer: 0
  m_SortingOrder: 0
  m_AdditionalVertexStreams: {fileID: 0}
--- !u!65 &9102561797435436153
BoxCollider:
  m_ObjectHideFlags: 0
  m_CorrespondingSourceObject: {fileID: 0}
  m_PrefabInstance: {fileID: 0}
  m_PrefabAsset: {fileID: 0}
  m_GameObject: {fileID: 9102561797435436159}
  m_Material: {fileID: 13400000, guid: b8e2fbc6bff6009449e3dcecfb67d40d, type: 2}
  m_IsTrigger: 0
  m_Enabled: 1
  serializedVersion: 2
  m_Size: {x: 1, y: 1, z: 1}
  m_Center: {x: 0, y: 0, z: 0}
--- !u!54 &9102561797435436149
Rigidbody:
  m_ObjectHideFlags: 0
  m_CorrespondingSourceObject: {fileID: 0}
  m_PrefabInstance: {fileID: 0}
  m_PrefabAsset: {fileID: 0}
  m_GameObject: {fileID: 9102561797435436159}
  serializedVersion: 2
  m_Mass: 1
  m_Drag: 0
  m_AngularDrag: 0.05
  m_UseGravity: 0
  m_IsKinematic: 0
  m_Interpolate: 1
  m_Constraints: 112
  m_CollisionDetection: 1
--- !u!114 &9102561797435436158
MonoBehaviour:
  m_ObjectHideFlags: 0
  m_CorrespondingSourceObject: {fileID: 0}
  m_PrefabInstance: {fileID: 0}
  m_PrefabAsset: {fileID: 0}
  m_GameObject: {fileID: 9102561797435436159}
  m_Enabled: 1
  m_EditorHideFlags: 0
  m_Script: {fileID: 11500000, guid: af9e3fbcd9b9137479b304a4f2928031, type: 3}
  m_Name: 
  m_EditorClassIdentifier: 
  retractWaitTime: 0.25
  enableCatchableWaitTime: 0.1
  startSpeed: 50
  retractAcceleration: 250
  maxVelocityMagnitude: 50
  catchDistance: 3
  returnPostion: {fileID: 0}
  damageToInflict: 0
  poise: 0
  bulletTimeManager: {fileID: 0}
  hitSuccParticles: {fileID: 8126633931173374053, guid: 62dcf48e890b84d4abe2ffbca8b4b118,
    type: 3}
  fearBrain: {fileID: 0}
  pauseTime: 0.1
  bulletTime: 0
--- !u!1001 &2527592839942933526
PrefabInstance:
  m_ObjectHideFlags: 0
  serializedVersion: 2
  m_Modification:
    m_TransformParent: {fileID: 9102561797435436154}
    m_Modifications:
    - target: {fileID: -8679921383154817045, guid: 8d44549d88212834995d6fa0f1f6e6ec,
        type: 3}
      propertyPath: m_RootOrder
      value: 0
      objectReference: {fileID: 0}
    - target: {fileID: -8679921383154817045, guid: 8d44549d88212834995d6fa0f1f6e6ec,
        type: 3}
      propertyPath: m_LocalScale.x
      value: 0.2
      objectReference: {fileID: 0}
    - target: {fileID: -8679921383154817045, guid: 8d44549d88212834995d6fa0f1f6e6ec,
        type: 3}
      propertyPath: m_LocalScale.y
      value: 0.2
      objectReference: {fileID: 0}
    - target: {fileID: -8679921383154817045, guid: 8d44549d88212834995d6fa0f1f6e6ec,
        type: 3}
      propertyPath: m_LocalScale.z
      value: 0.2
      objectReference: {fileID: 0}
    - target: {fileID: -8679921383154817045, guid: 8d44549d88212834995d6fa0f1f6e6ec,
        type: 3}
      propertyPath: m_LocalPosition.x
      value: 0
      objectReference: {fileID: 0}
    - target: {fileID: -8679921383154817045, guid: 8d44549d88212834995d6fa0f1f6e6ec,
        type: 3}
      propertyPath: m_LocalPosition.y
      value: 0
      objectReference: {fileID: 0}
    - target: {fileID: -8679921383154817045, guid: 8d44549d88212834995d6fa0f1f6e6ec,
        type: 3}
      propertyPath: m_LocalPosition.z
      value: 0
      objectReference: {fileID: 0}
    - target: {fileID: -8679921383154817045, guid: 8d44549d88212834995d6fa0f1f6e6ec,
        type: 3}
      propertyPath: m_LocalRotation.w
      value: 1
      objectReference: {fileID: 0}
    - target: {fileID: -8679921383154817045, guid: 8d44549d88212834995d6fa0f1f6e6ec,
        type: 3}
      propertyPath: m_LocalRotation.x
      value: 0
      objectReference: {fileID: 0}
    - target: {fileID: -8679921383154817045, guid: 8d44549d88212834995d6fa0f1f6e6ec,
        type: 3}
      propertyPath: m_LocalRotation.y
      value: -0
      objectReference: {fileID: 0}
    - target: {fileID: -8679921383154817045, guid: 8d44549d88212834995d6fa0f1f6e6ec,
        type: 3}
      propertyPath: m_LocalRotation.z
      value: -0
      objectReference: {fileID: 0}
    - target: {fileID: -8679921383154817045, guid: 8d44549d88212834995d6fa0f1f6e6ec,
        type: 3}
      propertyPath: m_LocalEulerAnglesHint.x
      value: 0
      objectReference: {fileID: 0}
    - target: {fileID: -8679921383154817045, guid: 8d44549d88212834995d6fa0f1f6e6ec,
        type: 3}
      propertyPath: m_LocalEulerAnglesHint.y
      value: 0
      objectReference: {fileID: 0}
    - target: {fileID: -8679921383154817045, guid: 8d44549d88212834995d6fa0f1f6e6ec,
        type: 3}
      propertyPath: m_LocalEulerAnglesHint.z
      value: 0
      objectReference: {fileID: 0}
    - target: {fileID: 919132149155446097, guid: 8d44549d88212834995d6fa0f1f6e6ec,
        type: 3}
      propertyPath: m_Name
      value: weapon_slime_1
      objectReference: {fileID: 0}
    m_RemovedComponents: []
  m_SourcePrefab: {fileID: 100100000, guid: 8d44549d88212834995d6fa0f1f6e6ec, type: 3}
--- !u!1 &3446020736866824519 stripped
GameObject:
  m_CorrespondingSourceObject: {fileID: 919132149155446097, guid: 8d44549d88212834995d6fa0f1f6e6ec,
    type: 3}
  m_PrefabInstance: {fileID: 2527592839942933526}
  m_PrefabAsset: {fileID: 0}
--- !u!4 &2637254740389653501 stripped
Transform:
  m_CorrespondingSourceObject: {fileID: -8679921383154817045, guid: 8d44549d88212834995d6fa0f1f6e6ec,
    type: 3}
  m_PrefabInstance: {fileID: 2527592839942933526}
  m_PrefabAsset: {fileID: 0}
